<?xml version="1.0" encoding="utf-8"?>
<record xmlns="http://www.loc.gov/MARC21/slim" xmlns:xsi="http://www.w3.org/2001/XMLSchema-instance" xsi:schemaLocation="http://www.loc.gov/MARC21/slim http://www.loc.gov/standards/marcxml/schema/MARC21slim.xsd">
	<leader>     nam a22        4500</leader>
	<controlfield tag="001">b12328480</controlfield>
	<controlfield tag="003">LeBAU</controlfield>
	<controlfield tag="006">m        d        </controlfield>
	<controlfield tag="007">cr cn |||m|||a</controlfield>
	<controlfield tag="008">170509s1936    le h    ob    ||1 0 ara d</controlfield>
	<datafield ind1=" " ind2=" " tag="037">
		<subfield code="b">Library</subfield>
		<subfield code="z">30975</subfield>
	</datafield>
	<datafield ind1=" " ind2=" " tag="040">
		<subfield code="a">NNU</subfield>
		<subfield code="b">ara</subfield>
		<subfield code="e">rda</subfield>
		<subfield code="c">NNU</subfield>
	</datafield>
	<datafield ind1=" " ind2="4" tag="050">
		<subfield code="a">DT96</subfield>
		<subfield code="b">.I25 1936</subfield>
	</datafield>
	<datafield ind1="0" ind2="4" tag="082">
		<subfield code="a">297.09</subfield>
		<subfield code="2">22</subfield>
	</datafield>
	<datafield ind1="1" ind2=" " tag="100">
		<subfield code="6">880-01</subfield>
		<subfield code="a">Ibn al-Furāt, Muḥammad ibn ʻAbd al-Raḥim,</subfield>
		<subfield code="d">1334 or 1335-1405,</subfield>
		<subfield code="e">author.</subfield>
	</datafield>
	<datafield ind1="1" ind2="0" tag="245">
		<subfield code="6">880-02</subfield>
		<subfield code="a">Tārīkh Ibn al-Furāt /</subfield>
		<subfield code="c">li-Nāṣir al-Dīn Muḥammad ibn ʻAbd al-Raḥīm ibn al-Furāt ; ḥaqqaqahu wa-ḍabaṭa naṣṣahu al-Duktūr Qusṭanṭīn Zurayq, ustādh f al-tārīkh al-‘Arabī, Jāmi‘at Bayrūt al-Amīrkīyah.</subfield>
	</datafield>
	<datafield ind1="1" ind2="5" tag="246">
		<subfield code="a">History of Ibn al-Furāt</subfield>
	</datafield>
	<datafield ind1=" " ind2="1" tag="264">
		<subfield code="6">880-03</subfield>
		<subfield code="a">Bayrūt :</subfield>
		<subfield code="b">al-Maṭbaʻah al-Amīrkānīyah,</subfield>
		<subfield code="c">1936-1942.</subfield>
	</datafield>
	<datafield ind1=" " ind2=" " tag="300">
		<subfield code="6">880-04</subfield>
		<subfield code="a">online resource (3 volumes) :</subfield>
		<subfield code="b">illustrations, facsimilies</subfield>
	</datafield>
	<datafield ind1=" " ind2=" " tag="336">
		<subfield code="a">text</subfield>
		<subfield code="2">rdacontent</subfield>
	</datafield>
	<datafield ind1=" " ind2=" " tag="337">
		<subfield code="a">computer</subfield>
		<subfield code="2">rdamedia</subfield>
	</datafield>
	<datafield ind1=" " ind2=" " tag="338">
		<subfield code="a">online resource</subfield>
		<subfield code="2">rdacarrier</subfield>
	</datafield>
	<datafield ind1="1" ind2=" " tag="490">
		<subfield code="6">880-05</subfield>
		<subfield code="a">Silsilat al-‘ulūm al-sharqīyah (al-Jāmi‘ah al-Amīrikīyah fī Bayrūt. Kullīyat al-‘Ulūm wa-al-Ādāb ;</subfield>
		<subfield code="v">al-ḥalaqah sābi‘ah ‘asharah</subfield>
	</datafield>
	<datafield ind1=" " ind2=" " tag="500">
		<subfield code="a">Part of the Arabic Collections Online (ACO) project, contributed by American University of Beirut's Jafet Memorial Library.</subfield>
	</datafield>
	<datafield ind1=" " ind2=" " tag="533">
		<subfield code="a">Electronic reproduction.</subfield>
		<subfield code="b">New York, N.Y. :</subfield>
		<subfield code="c">New York University,</subfield>
		<subfield code="d">2017.</subfield>
		<subfield code="5">NNU</subfield>
	</datafield>
	<datafield ind1=" " ind2="0" tag="650">
		<subfield code="6">880-06</subfield>
		<subfield code="a">Crusades</subfield>
		<subfield code="y">Third, 1189-1192.</subfield>
	</datafield>
	<datafield ind1=" " ind2="0" tag="650">
		<subfield code="6">880-07</subfield>
		<subfield code="a">Crusades</subfield>
		<subfield code="y">Fourth, 1202-1204.</subfield>
	</datafield>
	<datafield ind1=" " ind2="0" tag="650">
		<subfield code="6">880-08</subfield>
		<subfield code="a">Chronology, Historical.</subfield>
	</datafield>
	<datafield ind1=" " ind2="0" tag="651">
		<subfield code="6">880-09</subfield>
		<subfield code="a">Islamic Empire</subfield>
		<subfield code="x">History.</subfield>
	</datafield>
	<datafield ind1="1" ind2=" " tag="700">
		<subfield code="6">880-10</subfield>
		<subfield code="a">Zurayq, Qusṭanṭīn,</subfield>
		<subfield code="d">1909-</subfield>
		<subfield code="e">compiler.</subfield>
	</datafield>
	<datafield ind1="1" ind2=" " tag="700">
		<subfield code="6">880-11</subfield>
		<subfield code="a">Abū ʻIzz al-Dīn, Najlā M.,</subfield>
		<subfield code="e">compiler.</subfield>
	</datafield>
	<datafield ind1="2" ind2=" " tag="710">
		<subfield code="a">Jafet Memorial Library.</subfield>
	</datafield>
	<datafield ind1="0" ind2=" " tag="730">
		<subfield code="a">Arabic Collections Online.</subfield>
	</datafield>
	<datafield ind1="0" ind2="8" tag="776">
		<subfield code="i">Print version:</subfield>
		<subfield code="a">Ibn al-Furāt, Muḥammad ibn ʻAbd al-Raḥim, 1334 or 1335-1405, author.</subfield>
		<subfield code="t">Tārīkh Ibn al-Furāt</subfield>
		<subfield code="w">(LeBAU)b12328480</subfield>
	</datafield>
	<datafield ind1=" " ind2="0" tag="830">
		<subfield code="6">880-12</subfield>
		<subfield code="a">Silsilat al-‘ulūm al-sharqīyah (al-Jāmi‘ah al-Amīrikīyah fī Bayrūt. Kullīyat al-‘Ulūm wa-al-Ādāb ;</subfield>
		<subfield code="v">al-ḥalaqah 17</subfield>
	</datafield>
	<datafield ind1="4" ind2="0" tag="856">
		<subfield code="u">http://hdl.handle.net/2333.1/95x69tw2</subfield>
	</datafield>
	<datafield ind1="1" ind2=" " tag="880">
		<subfield code="6">100-01/r</subfield>
		<subfield code="a">إبن الفرات، محمد بن عبد الرحيم،</subfield>
		<subfield code="d">1334 او 1335-1405،</subfield>
		<subfield code="e">مؤلف.</subfield>
		<subfield code="4">aut.</subfield>
	</datafield>
	<datafield ind1="1" ind2="0" tag="880">
		<subfield code="6">245-02/r</subfield>
		<subfield code="a">تاريخ إبن الفرات /</subfield>
		<subfield code="c">لناصر الدين محمد بن عبد الرحيم بن الفرات ؛ حققه وضبط نصه الدكتور قسطنطين زريق، أستاذ في التاريخ العربي، جامعة بيروت الأميركية.</subfield>
	</datafield>
	<datafield ind1=" " ind2="1" tag="880">
		<subfield code="6">264-03/r</subfield>
		<subfield code="a">بيروت :</subfield>
		<subfield code="b">المطبعة الأميركانية،</subfield>
		<subfield code="c">1942.</subfield>
	</datafield>
	<datafield ind1=" " ind2=" " tag="880">
		<subfield code="6">300-04/r</subfield>
		<subfield code="a">3 مجلدات :</subfield>
		<subfield code="b">مصورات، صور طبق الأصل ؛</subfield>
		<subfield code="c">24 سم.</subfield>
	</datafield>
	<datafield ind1="1" ind2=" " tag="880">
		<subfield code="6">490-05/r</subfield>
		<subfield code="a">سلسلة العلوم الشرقية (الجامعة الاميركية في بيروت. كلية العلوم والآداب) ؛</subfield>
		<subfield code="v">الحلقة السابعة عشرة</subfield>
	</datafield>
	<datafield ind1=" " ind2=" " tag="880">
		<subfield code="6">500-00/r</subfield>
		<subfield code="a">المجلد الثامن نشر سنة 1939 (الحلقة الرابعة عشرة)؛ المجلد التاسع، الجزء الأول نشر سنة 1936 (الحلقة التاسعة)؛ المجلد التاسع، الجزء الثاني نشر سنة 1938 (الحلقة العاشرة)</subfield>
	</datafield>
	<datafield ind1=" " ind2=" " tag="880">
		<subfield code="6">500-00/r</subfield>
		<subfield code="a">المجلد الثامن والمجلد التاسع، الجزء الثاني: حققه وضبط نصه الدكتور قسطنطين زريق والدكتورة نجلا عز الدين.</subfield>
	</datafield>
	<datafield ind1=" " ind2=" " tag="880">
		<subfield code="6">504-00/r</subfield>
		<subfield code="a">يتضمن مراجع ببليوغرافية وكشافات.</subfield>
	</datafield>
	<datafield ind1="0" ind2=" " tag="880">
		<subfield code="6">505-00/r</subfield>
		<subfield code="a">المجلد السابع. (672-682 هـ.) --المجلد الثامن. (سنة 683-696 هـ.)</subfield>
	</datafield>
	<datafield ind1=" " ind2=" " tag="880">
		<subfield code="6">588-00/r</subfield>
		<subfield code="a">الوصف يستند إلى المجلد السابع.</subfield>
	</datafield>
	<datafield ind1=" " ind2=" " tag="880">
		<subfield code="6">590-00/r</subfield>
		<subfield code="a">في المكتبة: الأجزاء 7-9.</subfield>
	</datafield>
	<datafield ind1=" " ind2="4" tag="880">
		<subfield code="6">650-06/r</subfield>
		<subfield code="a">الحروب الصليبية</subfield>
		<subfield code="y">الثالثة، 1189-1192.</subfield>
	</datafield>
	<datafield ind1=" " ind2="4" tag="880">
		<subfield code="6">650-07/r</subfield>
		<subfield code="a">الحروب الصليبية</subfield>
		<subfield code="y">الرابعة، 1202-1204.</subfield>
	</datafield>
	<datafield ind1=" " ind2="4" tag="880">
		<subfield code="6">650-08/r</subfield>
		<subfield code="a">التسلسل الزمني التاريخي.</subfield>
	</datafield>
	<datafield ind1=" " ind2="0" tag="880">
		<subfield code="6">651-09/r</subfield>
		<subfield code="a">الإمبراطورية الإسلامية</subfield>
		<subfield code="x">تاريخ.</subfield>
	</datafield>
	<datafield ind1="1" ind2=" " tag="880">
		<subfield code="6">700-10/r</subfield>
		<subfield code="a">زريق، قسطنطين،</subfield>
		<subfield code="d">1909-</subfield>
		<subfield code="e">معد.</subfield>
		<subfield code="4">com.</subfield>
	</datafield>
	<datafield ind1="1" ind2=" " tag="880">
		<subfield code="6">700-11/r</subfield>
		<subfield code="a">أبو عز الدين، نجلا م.،</subfield>
		<subfield code="e">معد.</subfield>
		<subfield code="4">com.</subfield>
	</datafield>
	<datafield ind1=" " ind2="0" tag="880">
		<subfield code="6">830-12/r</subfield>
		<subfield code="a">سلسلة العلوم الشرقية (الجامعة الاميركية في بيروت. كلية العلوم والآداب) ؛</subfield>
		<subfield code="v">17.</subfield>
	</datafield>
	<datafield ind1=" " ind2=" " tag="959">
		<subfield code="a">NNU</subfield>
		<subfield code="b">WEB</subfield>
		<subfield code="c">GENI</subfield>
		<subfield code="t">0</subfield>
		<subfield code="m">Electronic access</subfield>
		<subfield code="s">01</subfield>
	</datafield>
	<datafield ind1=" " ind2=" " tag="999">
		<subfield code="i">LeBAU_b12328480</subfield>
		<subfield code="s">aub_aco000777:v.7</subfield>
		<subfield code="s">aub_aco000778:v.8</subfield>
		<subfield code="s">aub_aco000779:v.9</subfield>
		<subfield code="s">aub_aco000780:v.9</subfield>
		<subfield code="e">(ERROR-880)(ERROR-MISC)</subfield>
		<subfield code="s">aub_aco000777:v.7</subfield>
		<subfield code="s">aub_aco000778:v.8</subfield>
		<subfield code="s">aub_aco000779:v.9</subfield>
		<subfield code="s">aub_aco000780:v.9</subfield>
	</datafield>
</record>
